<?xml version="1.0" encoding="utf-8"?>
<record xmlns="http://www.loc.gov/MARC21/slim" xmlns:xsi="http://www.w3.org/2001/XMLSchema-instance" xsi:schemaLocation="http://www.loc.gov/MARC21/slim http://www.loc.gov/standards/marcxml/schema/MARC21slim.xsd">
	<leader>     nam a22     Mi 4500</leader>
	<controlfield tag="001">6056</controlfield>
	<controlfield tag="003">aeadna</controlfield>
	<controlfield tag="006">m        d        </controlfield>
	<controlfield tag="007">cr cn |||m|||a</controlfield>
	<controlfield tag="008">210727s1862    ua     fo   e|0   0cara u</controlfield>
	<datafield ind1=" " ind2=" " tag="040">
		<subfield code="a">ZYU</subfield>
		<subfield code="b">ara</subfield>
		<subfield code="c">ZYU</subfield>
	</datafield>
	<datafield ind1="0" ind2=" " tag="041">
		<subfield code="a">ara</subfield>
	</datafield>
	<datafield ind1=" " ind2=" " tag="043">
		<subfield code="a">e-sp---</subfield>
	</datafield>
	<datafield ind1=" " ind2="4" tag="050">
		<subfield code="a">DP101</subfield>
		<subfield code="b">.M56 1862</subfield>
	</datafield>
	<datafield ind1=" " ind2=" " tag="066">
		<subfield code="c">(3</subfield>
		<subfield code="c">$1</subfield>
	</datafield>
	<datafield ind1="1" ind2="0" tag="082">
		<subfield code="a">956.071</subfield>
		<subfield code="b">21</subfield>
	</datafield>
	<datafield ind1="1" ind2=" " tag="100">
		<subfield code="a">المقري، أحمد بن محمد،</subfield>
		<subfield code="d">ت. 1631 أو 2.</subfield>
	</datafield>
	<datafield ind1="1" ind2="0" tag="245">
		<subfield code="a">نفح الطيب من غصن الأندلس الرطيب</subfield>
		<subfield code="h">[electronic resource] /</subfield>
		<subfield code="c">تأليف أحمد بن محمد المقري.</subfield>
	</datafield>
	<datafield ind1="2" ind2="2" tag="246">
		<subfield code="a">كتاب نفح الطيب</subfield>
	</datafield>
	<datafield ind1=" " ind2=" " tag="260">
		<subfield code="a">[ (m3GdbGgQIm] :</subfield>
		<subfield code="b">[مطبعة بولاق]،</subfield>
		<subfield code="c">[1862]</subfield>
	</datafield>
	<datafield ind1=" " ind2=" " tag="300">
		<subfield code="a">online resource (4 ج.؛)</subfield>
	</datafield>
	<datafield ind1=" " ind2=" " tag="500">
		<subfield code="a">نبذذة من سيرة المؤلف: هو شهاب الدين أبو العباس أحمد بن محمد المقري التلمساني القرشي المالكي الأشعري من أعلام الفكر العربي في الجزائر أثناء عهدها العثماني شخصية متميزة فكريًا، توّزع هواها بين أقطار العروبة مشرقًا ومغربًا، ولد في الجزائر، وهام بالمغرب الأقصى كما كبر وجده بالحجاز، وأحب دمشق وأهلها، والقاهرة ورجال علمها، حيث لقي ربه، وفي نفسه حنين إلى وطنه الأول الجزائر وشوق الرحلة إلى دمشق التي حالت دونها المنية، بعدما ارتوى صدره من أريج الأرض الطاهرة في البقاع المقدسة. إنه العلامة الأديب اللامع أحمد المقري 986- 1041هـ/ 1578- 1631م صاحب عملين فكريين جادين، بدأ بأّولهما حياته في التأليف، وهو كتاب روضة الآس العاطرة الأنفاس في ذكر من لقيته من أعلام الحضرتين: مراكش وفاس وكان الثاني خاتمة مؤلفاته، عشية وفاته، وهو كتاب نفح الطيب من غصن الأندلس الرطيب. الذي يعد أحد أبرز المراجع العربية المكتوبة حول تاريخ الأندلس.</subfield>
	</datafield>
	<datafield ind1=" " ind2=" " tag="500">
		<subfield code="a">معروف ب:&quot;كتاب نفح الطيب&quot;</subfield>
	</datafield>
	<datafield ind1=" " ind2=" " tag="500">
		<subfield code="a">Part of the Arabic Collections Online (ACO) project, contributed by United Arab Emirates National Archives.</subfield>
	</datafield>
	<datafield ind1=" " ind2=" " tag="520">
		<subfield code="a">يعد أحد أقدم الكتب الأندلسية ظهوًرا للنور، وهو موسوعة تاريخية مهمة في دراسة التاريخ والأدب والجغرافيا الخاصة بالأندلس. وقد صرح المقري بمقدمة كتابه أنه ألفه إجابة لطلب الإمام المولى الشاهيني أستاذ المدرسة الجقمقية في دمشق، وقال: &quot;وعزمت على الإجابة لما للمذكور علَي من الحقوق، وكيف أقابل بره  بالعقوق، فوعدته بالشروع في المطلب عند الوصول إلى القاهرة المعزية&quot;.   وجعل عنوانه أولًا &quot;عرف الطيب في التعريف بالوزير ابن الخطيب&quot; فلما رأى مادته قد اتسعت لتشمل الأندلس أدبًا وتاريخًا، عمد إلى تغيير عنوانه ليصير &quot;نفح الطيب من غصن الأندلس الرطيب وذكر وزيرها لسان الدين ابن الخطيب&quot;.  وجاء هذا الكتاب على جزأين، جزء يتحدث عن الأندلس والمدن الأندلسية وسكانها، ووصف مناخها وتوضيح مساحتها وتحديد أراضيها وأول من سكنها، ووصف سكان الأندلس وحبهم للعلم والأدب وسلوكياتهم وخصوصياتهم الاجتماعية، والشأو البعيد الذي بلغوه في مجال العلوم والآداب. والجزء الآخر عن أخبار الوزير ابن الخطيب.  اعتمد المقري في كتابه على مصادر لم يصلنا منها سوى القليل كالمغرب لابن سعيد، ومطمح الأنفس لابن خاقان، والمطمح الكبير. انتهى المصنف من الكتاب يوم الأحد 27 رمضان 1038 هـ ثم ألحق به فصولًا أتمها في ذي الحجة سنة 1039 هـ، وكان قد ألف كتابه هذا وهو في القاهرة مغتربًا عن بلده تلمسان(في الجزائر).</subfield>
	</datafield>
	<datafield ind1=" " ind2=" " tag="533">
		<subfield code="a">Electronic reproduction.</subfield>
		<subfield code="b">New York, N.Y. :</subfield>
		<subfield code="c">New York University,</subfield>
		<subfield code="d">2021.</subfield>
		<subfield code="5">NNU</subfield>
	</datafield>
	<datafield ind1="1" ind2="4" tag="600">
		<subfield code="a">ابن الخطيب، لسان الدين،</subfield>
		<subfield code="d">1313-1374.</subfield>
	</datafield>
	<datafield ind1="1" ind2="4" tag="600">
		<subfield code="a">المقري، أحمد بن محمد،</subfield>
		<subfield code="d">ت. 1631 أو 2.</subfield>
	</datafield>
	<datafield ind1=" " ind2="4" tag="650">
		<subfield code="a">العرب في اسبانيا</subfield>
		<subfield code="v">الأعمال المبكرة حتى 1800.</subfield>
	</datafield>
	<datafield ind1=" " ind2="4" tag="651">
		<subfield code="a">إسبانيا</subfield>
		<subfield code="x">تاريخ</subfield>
		<subfield code="y">711-1516</subfield>
	</datafield>
	<datafield ind1=" " ind2="4" tag="651">
		<subfield code="a">الأندلس</subfield>
		<subfield code="v">تراجم</subfield>
	</datafield>
	<datafield ind1=" " ind2="4" tag="651">
		<subfield code="a">الأندلس</subfield>
		<subfield code="x">تاريخ</subfield>
		<subfield code="v">الأعمال المبكرة حتى 1800.</subfield>
	</datafield>
	<datafield ind1="2" ind2=" " tag="710">
		<subfield code="a">Abu Dhabi (United Arab Emirates).</subfield>
		<subfield code="b">National Archives.</subfield>
	</datafield>
	<datafield ind1="0" ind2=" " tag="730">
		<subfield code="a">Arabic Collections Online.</subfield>
	</datafield>
	<datafield ind1="0" ind2=" " tag="775">
		<subfield code="a">المقري، أحمد بن محمد التلمساني</subfield>
		<subfield code="d">بيروت : دار صادر، 1997م</subfield>
		<subfield code="t">نفح الطيب من غصن الأندلس الرطيب /</subfield>
	</datafield>
	<datafield ind1="0" ind2=" " tag="775">
		<subfield code="a">المقري، أحمد بن محمد التلمساني</subfield>
		<subfield code="d">بيروت : دار صادر، 1968م.</subfield>
		<subfield code="t">نفح الطيب من غصن الأندلس الرطيب /</subfield>
	</datafield>
	<datafield ind1="0" ind2="8" tag="776">
		<subfield code="i">Print version:</subfield>
		<subfield code="a">المقري، أحمد بن محمد، ت. 1631 أو 2.</subfield>
		<subfield code="t">نفح الطيب من غصن الأندلس الرطيب</subfield>
		<subfield code="w">(aeadna)6056</subfield>
	</datafield>
	<datafield ind1="4" ind2="0" tag="856">
		<subfield code="u">http://hdl.handle.net/2333.1/34tmpspc</subfield>
	</datafield>
	<datafield ind1=" " ind2=" " tag="949">
		<subfield code="a">956.071 ك &amp;#xfffd;DE&amp;#xfffd; ل ]</subfield>
		<subfield code="v">3</subfield>
		<subfield code="w">DDC</subfield>
		<subfield code="i">30018000012290</subfield>
		<subfield code="u">06/22/2003</subfield>
		<subfield code="d">04/26/2010</subfield>
		<subfield code="n">0</subfield>
		<subfield code="t">Book</subfield>
		<subfield code="l">av</subfield>
		<subfield code="m">MAIN</subfield>
		<subfield code="x">RAR</subfield>
	</datafield>
	<datafield ind1=" " ind2=" " tag="949">
		<subfield code="a">956.071 ك &amp;#xfffd;DE&amp;#xfffd; ل ]</subfield>
		<subfield code="v">4</subfield>
		<subfield code="w">DDC</subfield>
		<subfield code="i">30018000012289</subfield>
		<subfield code="u">06/22/2003</subfield>
		<subfield code="d">04/26/2010</subfield>
		<subfield code="n">0</subfield>
		<subfield code="t">Book</subfield>
		<subfield code="l">av</subfield>
		<subfield code="m">MAIN</subfield>
		<subfield code="x">RAR</subfield>
	</datafield>
	<datafield ind1=" " ind2=" " tag="949">
		<subfield code="a">956.071 ك &amp;#xfffd;DE&amp;#xfffd; ل ]</subfield>
		<subfield code="v">2</subfield>
		<subfield code="w">DDC</subfield>
		<subfield code="i">30018000012288</subfield>
		<subfield code="u">06/22/2003</subfield>
		<subfield code="d">04/26/2010</subfield>
		<subfield code="n">0</subfield>
		<subfield code="t">Book</subfield>
		<subfield code="l">av</subfield>
		<subfield code="m">MAIN</subfield>
		<subfield code="x">RAR</subfield>
	</datafield>
	<datafield ind1=" " ind2=" " tag="949">
		<subfield code="a">956.071 ك &amp;#xfffd;DE&amp;#xfffd; ل ]</subfield>
		<subfield code="v">1</subfield>
		<subfield code="w">DDC</subfield>
		<subfield code="i">30018000000555</subfield>
		<subfield code="u">06/22/2003</subfield>
		<subfield code="d">04/26/2010</subfield>
		<subfield code="n">0</subfield>
		<subfield code="t">Book</subfield>
		<subfield code="l">av</subfield>
		<subfield code="m">MAIN</subfield>
		<subfield code="x">RAR</subfield>
	</datafield>
	<datafield ind1=" " ind2=" " tag="959">
		<subfield code="a">NNU</subfield>
		<subfield code="b">WEB</subfield>
		<subfield code="c">GENI</subfield>
		<subfield code="t">0</subfield>
		<subfield code="m">Electronic access</subfield>
		<subfield code="s">01</subfield>
	</datafield>
	<datafield ind1=" " ind2=" " tag="999">
		<subfield code="i">aeadna_6056</subfield>
		<subfield code="s">uaena_aco000062:1</subfield>
		<subfield code="s">uaena_aco000063:2</subfield>
		<subfield code="s">uaena_aco000064:3</subfield>
		<subfield code="s">uaena_aco000065:4</subfield>
		<subfield code="e">(ERROR-880)</subfield>
	</datafield>
</record>
